<?xml version="1.0" encoding="UTF-8"?><collection xmlns="http://www.loc.gov/MARC21/slim"><record><leader>00319nam--2200121-i-4500</leader><controlfield tag="001">000005495</controlfield><controlfield tag="002">20161230</controlfield><controlfield tag="005">20161230201026</controlfield><controlfield tag="008">060222s1000------------r-----000-0-eng-d</controlfield><datafield ind1=" " ind2=" " tag="245"><subfield code="a">Radioactive wastes. their treatment and disposal</subfield></datafield><datafield ind1=" " ind2=" " tag="260"><subfield code="a">London, E.&amp; F.N.Spon Limited, 1960</subfield></datafield><datafield ind1=" " ind2=" " tag="490"><subfield code="a">Xxi+239p</subfield></datafield><datafield ind1=" " ind2=" " tag="700"><subfield code="a">Collins, J.C</subfield></datafield></record></collection>